@online{quats,
	title = {Quaternion derivative},
	author = {Szymon Bielenin},
	year = {2025},
	url = {https://symonb.github.io/docs/math/quaternions/quaternions_derivative},
	urldate = {2025-05-04}
}

@inbook{wongtires,
		publisher = {John Wiley \& Sons, Ltd},
		isbn = {9781119719984},
		title = {Mechanics of Pneumatic Tires},
		booktitle = {Theory of Ground Vehicles},
		chapter = {1},
		pages = {1-76},
		year = {2022},
		author = {Jo Yung Wong},
}

@inbook{wongpulls,
		publisher = {John Wiley \& Sons, Ltd},
		isbn = {9781119719984},
		title = {Performance Characteristics of Road Vehicles},
		booktitle = {Theory of Ground Vehicles},
		chapter = {3},
		pages = {222-223},
		year = {2022},
		author = {Jo Yung Wong},
}

@inbook{wongturns,
		publisher = {John Wiley \& Sons, Ltd},
		isbn = {9781119719984},
		title = {Handling Characteristics of Road Vehicles},
		booktitle = {Theory of Ground Vehicles},
		chapter = {5},
		pages = {381-431},
		year = {2022},
		author = {Jo Yung Wong},
}

@inbook{hibb,
	publisher = {Pearson},
	title = {Three-Dimensional Kinetics of a Rigid Body},
	booktitle = {Engineering Mechanics: Dynamics},
	chapter = {21},
	pages = {613},
	year = {2016},
	author = {Russell Charles Hibbeler}
}

@techreport{genericcar,
	title = {Updating the Vehicle Class Categories},
	author = {Donald E Siddall and Terry D Day},
	institution = {SAE International},
	number = {960987},
	year = {1996},
	pages = {4,9},
}
